@book{miami,
  author = {Santosh Mohan Rajkumar},
  year = {2022},
  title = {Effect of infill pattern and build orientation on mechanical properties of FDM printed parts: An experimental modal analysis approach},
  url = {https://arxiv.org/pdf/2202.05692.pdf}
}

@book{sports,
  author = {James I. Novak, Andrew R. Novak},
  year = {2020},
  title = {Is Additive Manufacturing Improving Performance in Sports? A Systematic Review},
  url = {https://www.researchgate.net/publication/346088238_Is_Additive_Manufacturing_Improving_Performance_in_Sports_A_Systematic_Review}
}
@book{moula,
  author = {Francis T. Omigbodun, Oluwole K. Bowoto, Prince A. Nimako, Ifeoluwa E. Elemure, Gabriel G.
Ojo},
  year = {2019},
  title = {Reduction in Economic Cost and Production Time for Development of a 3D Printer and its effect on market Economic},
  publisher= {IJETT},
  url = {https://www.researchgate.net/publication/335994032_Reduction_in_Economic_Cost_and_Production_Time_for_Development_of_a_3D_Printer_and_its_effect_on_market_Economic}
}


@book{tensiletestd638,
  author = {S. Anand Kumar, Yeole Shivraj Narayan},
  year = {2018},
  title = {Tensile Testing and Evaluation of 3D Printed PLA Specimens as per ASTM D638 Type-IV Standard},
  url = {https://www.ncbi.nlm.nih.gov/pmc/articles/PMC9331637/}
}

@book{infill,
  author = {M Rismalia, S C Hidajat, I G R Permana, B Hadisujoto, M Muslimin and F Triawan},
  year = {2019},
  title = {Infill pattern and density effects on the tensile properties of 3D printed PLA material},
  pulisher ={Journal of Physics: Conference Series},
  url = {https://iopscience.iop.org/article/10.1088/1742-6596/1402/4/044041}
}

@book{ASTMD638,
  author = {ASTM International},
  year = {2014},
  title = {Standard Test Method for Tensile Properties of Plastics},
  pulisher ={ASTM},
  url = {https://www.astm.org/d0638-14.html}
}

@book{rdm,
  author = {Damien André},
  year = {2020},
  title = {Résistance Des Matériaux},
  publisher= {Université de Limoges},
  url = {https://www.unilim.fr/pages_perso/damien.andre/cours/meca/poly.pdf}
}

@book{toys,
  author = {Emily E. Petersen, Joshua M Pearce, Romain W. Kidd},
  year = {2017},
  title = {Impact of DIY Home Manufacturing with 3D Printing on the Toy and Game Market},
  publisher= {MDPI},
  url = {https://www.mdpi.com/2227-7080/5/3/45}
}

@book{prusa,
  author = {Jakub Kočí},
  year = {2021},
  title = {Everything you need to know about infills},
  publisher= {Prusa Research},
  url = {https://blog.prusa3d.com/everything-you-need-to-know-about-infills_43579}
}

@book{instron,
  author = {Instron},
  year = {2021},
  title = {Instron Series 5500 Load Frames Manual},
  url = {https://www.artisantg.com/info/Instron_5542_Manual_2015121815013.pdf}
}